% !Mode:: "TeX:UTF-8"

%%第1章参考文献

%%第2章参考文献
@article{roy2007survey,
  title={A survey on software clone detection research},
  author={Roy, Chanchal Kumar and Cordy, James R},
  journal={Queen’s School of Computing TR},
  volume={541},
  number={115},
  pages={64--68},
  year={2007}
}

@inproceedings{koschke2007survey,
  title={Survey of research on software clones},
  author={Koschke, Rainer},
  booktitle={Dagstuhl Seminar Proceedings},
  year={2007},
  organization={Schloss Dagstuhl-Leibniz-Zentrum f{\"u}r Informatik}
}

@inproceedings{kim2005empirical,
  title={An empirical study of code clone genealogies},
  author={Kim, Miryung and Sazawal, Vibha and Notkin, David and Murphy, Gail},
  booktitle={ACM SIGSOFT Software Engineering Notes},
  volume={30},
  number={5},
  pages={187--196},
  year={2005},
  organization={ACM}
}

@inproceedings{kapser2006cloning,
  title={" Cloning considered harmful" considered harmful},
  author={Kapser, Cory and Godfrey, Michael W},
  booktitle={2006 13th Working Conference on Reverse Engineering},
  pages={19--28},
  year={2006},
  organization={IEEE}
}

@inproceedings{inoue2012experience,
  title={Experience of finding inconsistently-changed bugs in code clones of mobile software},
  author={Inoue, Katsuro and Higo, Yoshiki and Yoshida, Norihiro and Choi, Eunjong and Kusumoto, Shinji and Kim, Kyonghwan and Park, Wonjin and Lee, Eunha},
  booktitle={Proceedings of the 6th International Workshop on Software Clones},
  pages={94--95},
  year={2012},
  organization={IEEE Press}
}

@inproceedings{krinke2008cloned,
  title={Is cloned code more stable than non-cloned code?},
  author={Krinke, Jens},
  booktitle={Source Code Analysis and Manipulation, 2008 Eighth IEEE International Working Conference on},
  pages={57--66},
  year={2008},
  organization={IEEE}
}

@inproceedings{roy2014vision,
  title={The vision of software clone management: Past, present, and future (keynote paper)},
  author={Roy, Chanchal K and Zibran, Minhaz F and Koschke, Rainer},
  booktitle={Software Maintenance, Reengineering and Reverse Engineering (CSMR-WCRE), 2014 Software Evolution Week-IEEE Conference on},
  pages={18--33},
  year={2014},
  organization={IEEE}
}

@article{koschke2012software,
  title={Software clone management towards industrial application (dagstuhl seminar 12071)},
  author={Koschke, Rainer and Baxter, Ira D and Conradt, Michael and Cordy, James R},
  journal={Dagstuhl Reports},
  volume={2},
  number={2},
  year={2012},
  publisher={Schloss Dagstuhl-Leibniz-Zentrum fuer Informatik}
}

@inproceedings{roy2008nicad,
  title={NICAD: Accurate detection of near-miss intentional clones using flexible pretty-printing and code normalization},
  author={Roy, Chanchal K and Cordy, James R},
  booktitle={Program Comprehension, 2008. ICPC 2008. The 16th IEEE International Conference on},
  pages={172--181},
  year={2008},
  organization={IEEE}
}

@article{kamiya2002ccfinder,
  title={CCFinder: a multilinguistic token-based code clone detection system for large scale source code},
  author={Kamiya, Toshihiro and Kusumoto, Shinji and Inoue, Katsuro},
  journal={IEEE Transactions on Software Engineering},
  volume={28},
  number={7},
  pages={654--670},
  year={2002},
  publisher={IEEE}
}

@phdthesis{tairas2010representation,
  title={Representation, analysis, and refactoring techniques to support code clone maintenance},
  author={Tairas, Robert Ambrosius},
  year={2010},
  school={Citeseer}
}

@article{nguyen2012clone,
  title={Clone management for evolving software},
  author={Nguyen, Hoan Anh and Nguyen, Tung Thanh and Pham, Nam H and Al-Kofahi, Jafar and Nguyen, Tien N},
  journal={IEEE Transactions on Software Engineering},
  volume={38},
  number={5},
  pages={1008--1026},
  year={2012},
  publisher={IEEE}
}

@inproceedings{bettenburg2009empirical,
  title={An empirical study on inconsistent changes to code clones at release level},
  author={Bettenburg, Nicolas and Shang, Weyi and Ibrahim, Walid and Adams, Bram and Zou, Ying and Hassan, Ahmed E},
  booktitle={2009 16th Working Conference on Reverse Engineering},
  pages={85--94},
  year={2009},
  organization={IEEE}
}


@inproceedings{wang2012can,
  title={Can I clone this piece of code here?},
  author={Wang, Xiaoyin and Dang, Yingnong and Zhang, Lu and Zhang, Dongmei and Lan, Erica and Mei, Hong},
  booktitle={Proceedings of the 27th IEEE/ACM International Conference on Automated Software Engineering},
  pages={170--179},
  year={2012},
  organization={ACM}
}

@article{yang2015classification,
  title={Classification model for code clones based on machine learning},
  author={Yang, Jiachen and Hotta, Keisuke and Higo, Yoshiki and Igaki, Hiroshi and Kusumoto, Shinji},
  journal={Empirical Software Engineering},
  volume={20},
  number={4},
  pages={1095--1125},
  year={2015},
  publisher={Springer}
}

@article{qu2014pattern,
  title={Pattern mining of cloned codes in software systems},
  author={Qu, Wei and Jia, Yuanyuan and Jiang, Michael},
  journal={Information Sciences},
  volume={259},
  pages={544--554},
  year={2014},
  publisher={Elsevier}
}

@article{rattan2013software,
  title={Software clone detection: A systematic review},
  author={Rattan, Dhavleesh and Bhatia, Rajesh and Singh, Maninder},
  journal={Information and Software Technology},
  volume={55},
  number={7},
  pages={1165--1199},
  year={2013},
  publisher={Elsevier}
}

@inproceedings{duala2008clonetracker,
  title={Clonetracker: tool support for code clone management},
  author={Duala-Ekoko, Ekwa and Robillard, Martin P},
  booktitle={Proceedings of the 30th international conference on Software engineering},
  pages={843--846},
  year={2008},
  organization={ACM}
}

@article{duala2010clone,
  title={Clone region descriptors: Representing and tracking duplication in source code},
  author={Duala-Ekoko, Ekwa and Robillard, Martin P},
  journal={ACM Transactions on Software Engineering and Methodology (TOSEM)},
  volume={20},
  number={1},
  pages={3},
  year={2010},
  publisher={ACM}
}

@inproceedings{bakota2011tracking,
  title={Tracking the evolution of code clones},
  author={Bakota, Tibor},
  booktitle={International Conference on Current Trends in Theory and Practice of Computer Science},
  pages={86--98},
  year={2011},
  organization={Springer}
}

@inproceedings{bakota2007clone,
  title={Clone smells in software evolution},
  author={Bakota, Tibor and Ferenc, Rudolf and Gyimothy, Tibor},
  booktitle={2007 IEEE International Conference on Software Maintenance},
  pages={24--33},
  year={2007},
  organization={IEEE}
}

@article{harder2013cloned,
  title={Cloned code: stable code},
  author={Harder, Jan and G{\"o}de, Nils},
  journal={Journal of Software: Evolution and Process},
  volume={25},
  number={10},
  pages={1063--1088},
  year={2013},
  publisher={Wiley Online Library}
}


@article{rahman2012clones,
  title={Clones: What is that smell?},
  author={Rahman, Foyzur and Bird, Christian and Devanbu, Premkumar},
  journal={Empirical Software Engineering},
  volume={17},
  number={4-5},
  pages={503--530},
  year={2012},
  publisher={Springer}
}

@inproceedings{lin2014detecting,
  title={Detecting differences across multiple instances of code clones},
  author={Lin, Yun and Xing, Zhenchang and Xue, Yinxing and Liu, Yang and Peng, Xin and Sun, Jun and Zhao, Wenyun},
  booktitle={Proceedings of the 36th International Conference on Software Engineering},
  pages={164--174},
  year={2014},
  organization={ACM}
}

@article{hall2009weka,
  title={The WEKA data mining software: an update},
  author={Hall, Mark and Frank, Eibe and Holmes, Geoffrey and Pfahringer, Bernhard and Reutemann, Peter and Witten, Ian H},
  journal={ACM SIGKDD explorations newsletter},
  volume={11},
  number={1},
  pages={10--18},
  year={2009},
  publisher={ACM}
}

@inproceedings{pelleg2000x,
  title={X-means: Extending K-means with Efficient Estimation of the Number of Clusters.},
  author={Pelleg, Dan and Moore, Andrew W and others},
  booktitle={ICML},
  volume={1},
  year={2000}
}

%%第3章参考文献
@inproceedings{koschke2007survey,
  title={Survey of research on software clones},
  author={Koschke, Rainer},
  booktitle={Dagstuhl Seminar Proceedings},
  year={2007},
  organization={Schloss Dagstuhl-Leibniz-Zentrum f{\"u}r Informatik}
}

@inproceedings{kim2005empirical,
  title={An empirical study of code clone genealogies},
  author={Kim, Miryung and Sazawal, Vibha and Notkin, David and Murphy, Gail},
  booktitle={ACM SIGSOFT Software Engineering Notes},
  volume={30},
  number={5},
  pages={187--196},
  year={2005},
  organization={ACM}
}

@inproceedings{saha2011automatic,
  title={An automatic framework for extracting and classifying near-miss clone genealogies},
  author={Saha, Ripon K and Roy, Chanchal K and Schneider, Kevin A},
  booktitle={Software Maintenance (ICSM), 2011 27th IEEE International Conference on},
  pages={293--302},
  year={2011},
  organization={IEEE}
}

@inproceedings{aversano2007clones,
  title={How clones are maintained: An empirical study},
  author={Aversano, Lerina and Cerulo, Luigi and Di Penta, Massimiliano},
  booktitle={11th European Conference on Software Maintenance and Reengineering (CSMR'07)},
  pages={81--90},
  year={2007},
  organization={IEEE}
}

@inproceedings{bettenburg2009empirical,
  title={An empirical study on inconsistent changes to code clones at release level},
  author={Bettenburg, Nicolas and Shang, Weyi and Ibrahim, Walid and Adams, Bram and Zou, Ying and Hassan, Ahmed E},
  booktitle={2009 16th Working Conference on Reverse Engineering},
  pages={85--94},
  year={2009},
  organization={IEEE}
}

@inproceedings{wang2012can,
  title={Can I clone this piece of code here?},
  author={Wang, Xiaoyin and Dang, Yingnong and Zhang, Lu and Zhang, Dongmei and Lan, Erica and Mei, Hong},
  booktitle={Proceedings of the 27th IEEE/ACM International Conference on Automated Software Engineering},
  pages={170--179},
  year={2012},
  organization={ACM}
}

@article{wang2014predicting,
  title={Predicting Consistency-Maintenance Requirement of Code Clonesat Copy-and-Paste Time.},
  author={Wang, Xiaoyin and Dang, Yingnong and Zhang, Lu and Zhang, Dongmei and Lan, Erica and Mei, Hong},
  booktitle = {IEEE Transactions on Software Engineering},
  pages = {773--794},
  year = {2014},  
  organization={ACM}
}

@article{roy2009comparison,
  title={Comparison and evaluation of code clone detection techniques and tools: A qualitative approach},
  author={Roy, Chanchal K and Cordy, James R and Koschke, Rainer},
  journal={Science of Computer Programming},
  volume={74},
  number={7},
  pages={470--495},
  year={2009},
  publisher={Elsevier North-Holland, Inc.}
}

@inproceedings{roy2008nicad,
  title={NICAD: Accurate detection of near-miss intentional clones using flexible pretty-printing and code normalization},
  author={Roy, Chanchal K and Cordy, James R},
  booktitle={Program Comprehension, 2008. ICPC 2008. The 16th IEEE International Conference on},
  pages={172--181},
  year={2008},
  organization={IEEE}
}

@article{duala2010clone,
  title={Clone region descriptors: Representing and tracking duplication in source code},
  author={Duala-Ekoko, Ekwa and Robillard, Martin P},
  journal={ACM Transactions on Software Engineering and Methodology (TOSEM)},
  volume={20},
  number={1},
  pages={3},
  year={2010},
  publisher={ACM}
}

@inproceedings{ci2013new,
  title={A New Clone Group Mapping Algorithm for Extracting Clone Genealogy on Multi-version Software},
  author={Ci, Meng and Su, Xiao-hong and Wang, Tian-tian and Ma, Pei-jun},
  booktitle={Instrumentation, Measurement, Computer, Communication and Control (IMCCC), 2013 Third International Conference on},
  pages={848--853},
  year={2013},
  organization={IEEE}
}

@inproceedings{levenshtein1966binary,
  title={Binary codes capable of correcting deletions, insertions and reversals},
  author={Levenshtein, Vladimir I},
  booktitle={Soviet physics doklady},
  volume={10},
  pages={707},
  year={1966}
}

@article{hall2009weka,
  title={The WEKA data mining software: an update},
  author={Hall, Mark and Frank, Eibe and Holmes, Geoffrey and Pfahringer, Bernhard and Reutemann, Peter and Witten, Ian H},
  journal={ACM SIGKDD explorations newsletter},
  volume={11},
  number={1},
  pages={10--18},
  year={2009},
  publisher={ACM}
}

@article{friedman1997bayesian,
  title={Bayesian network classifiers},
  author={Friedman, Nir and Geiger, Dan and Goldszmidt, Moises},
  journal={Machine learning},
  volume={29},
  number={2-3},
  pages={131--163},
  year={1997},
  publisher={Springer}
}

@book{fowler2009refactoring,
  title={Refactoring: improving the design of existing code},
  author={Fowler, Martin},
  year={2009},
  publisher={Pearson Education India}
}

@inproceedings{lozano2008assessing,
  title={Assessing the effect of clones on changeability},
  author={Lozano, Angela and Wermelinger, Michel},
  booktitle={Software Maintenance, 2008. ICSM 2008. IEEE International Conference on},
  pages={227--236},
  year={2008},
  organization={IEEE}
}

@inproceedings{juergens2009code,
  title={Do code clones matter?},
  author={Juergens, Elmar and Deissenboeck, Florian and Hummel, Benjamin and Wagner, Stefan},
  booktitle={Proceedings of the 31st International Conference on Software Engineering},
  pages={485--495},
  year={2009},
  organization={IEEE Computer Society}
}

@inproceedings{kapser2006cloning,
  title={" Cloning considered harmful" considered harmful},
  author={Kapser, Cory and Godfrey, Michael W},
  booktitle={2006 13th Working Conference on Reverse Engineering},
  pages={19--28},
  year={2006},
  organization={IEEE}
}

@inproceedings{krinke2011cloned,
  title={Is cloned code older than non-cloned code?},
  author={Krinke, Jens},
  booktitle={Proceedings of the 5th International Workshop on Software Clones},
  pages={28--33},
  year={2011},
  organization={ACM}
}

@inproceedings{ishihara2013reusing,
  title={Reusing reused code},
  author={Ishihara, Tomoya and Hotta, Keisuke and Higo, Yoshiki and Kusumoto, Shinji},
  booktitle={2013 20th Working Conference on Reverse Engineering (WCRE)},
  pages={457--461},
  year={2013},
  organization={IEEE}
}

@inproceedings{hassan2009predicting,
  title={Predicting faults using the complexity of code changes},
  author={Hassan, Ahmed E},
  booktitle={Proceedings of the 31st International Conference on Software Engineering},
  pages={78--88},
  year={2009},
  organization={IEEE Computer Society}
}

@article{kamiya2002ccfinder,
  title={CCFinder: a multilinguistic token-based code clone detection system for large scale source code},
  author={Kamiya, Toshihiro and Kusumoto, Shinji and Inoue, Katsuro},
  journal={IEEE Transactions on Software Engineering},
  volume={28},
  number={7},
  pages={654--670},
  year={2002},
  publisher={IEEE}
}

@inproceedings{gode2009incremental,
  title={Incremental clone detection},
  author={G{\"o}de, Nils and Koschke, Rainer},
  booktitle={Software Maintenance and Reengineering, 2009. CSMR'09. 13th European Conference on},
  pages={219--228},
  year={2009},
  organization={IEEE}
}

@article{rattan2013software,
  title={Software clone detection: A systematic review},
  author={Rattan, Dhavleesh and Bhatia, Rajesh and Singh, Maninder},
  journal={Information and Software Technology},
  volume={55},
  number={7},
  pages={1165--1199},
  year={2013},
  publisher={Elsevier}
}

@article{higo2008metric,
  title={A metric-based approach to identifying refactoring opportunities for merging code clones in a Java software system},
  author={Higo, Yoshiki and Kusumoto, Shinji and Inoue, Katsuro},
  journal={Journal of Software Maintenance and Evolution: Research and Practice},
  volume={20},
  number={6},
  pages={435--461},
  year={2008},
  publisher={Wiley Online Library}
}

@article{nguyen2012clone,
  title={Clone management for evolving software},
  author={Nguyen, Hoan Anh and Nguyen, Tung Thanh and Pham, Nam H and Al-Kofahi, Jafar and Nguyen, Tien N},
  journal={IEEE Transactions on Software Engineering},
  volume={38},
  number={5},
  pages={1008--1026},
  year={2012},
  publisher={IEEE}
}

@article{tairas2012increasing,
  title={Increasing clone maintenance support by unifying clone detection and refactoring activities},
  author={Tairas, Robert and Gray, Jeff},
  journal={Information and Software Technology},
  volume={54},
  number={12},
  pages={1297--1307},
  year={2012},
  publisher={Elsevier}
}

%%第4章参考文献
@inproceedings{barbour2011late,
  title={Late propagation in software clones},
  author={Barbour, Liliane and Khomh, Foutse and Zou, Ying},
  booktitle={Software Maintenance (ICSM), 2011 27th IEEE International Conference on},
  pages={273--282},
  year={2011},
  organization={IEEE}
}

@inproceedings{bakota2007clone,
  title={Clone smells in software evolution},
  author={Bakota, Tibor and Ferenc, Rudolf and Gyimothy, Tibor},
  booktitle={2007 IEEE International Conference on Software Maintenance},
  pages={24--33},
  year={2007},
  organization={IEEE}
}

@inproceedings{bettenburg2009empirical,
  title={An empirical study on inconsistent changes to code clones at release level},
  author={Bettenburg, Nicolas and Shang, Weyi and Ibrahim, Walid and Adams, Bram and Zou, Ying and Hassan, Ahmed E},
  booktitle={2009 16th Working Conference on Reverse Engineering},
  pages={85--94},
  year={2009},
  organization={IEEE}
}

@inproceedings{ci2013new,
  title={A New Clone Group Mapping Algorithm for Extracting Clone Genealogy on Multi-version Software},
  author={Ci, Meng and Su, Xiao-hong and Wang, Tian-tian and Ma, Pei-jun},
  booktitle={Instrumentation, Measurement, Computer, Communication and Control (IMCCC), 2013 Third International Conference on},
  pages={848--853},
  year={2013},
  organization={IEEE}
}

@inproceedings{duala2008clonetracker,
  title={Clonetracker: tool support for code clone management},
  author={Duala-Ekoko, Ekwa and Robillard, Martin P},
  booktitle={Proceedings of the 30th international conference on Software engineering},
  pages={843--846},
  year={2008},
  organization={ACM}
}

@article{duala2010clone,
  title={Clone region descriptors: Representing and tracking duplication in source code},
  author={Duala-Ekoko, Ekwa and Robillard, Martin P},
  journal={ACM Transactions on Software Engineering and Methodology (TOSEM)},
  volume={20},
  number={1},
  pages={3},
  year={2010},
  publisher={ACM}
}

@article{friedman1997bayesian,
  title={Bayesian network classifiers},
  author={Friedman, Nir and Geiger, Dan and Goldszmidt, Moises},
  journal={Machine learning},
  volume={29},
  number={2-3},
  pages={131--163},
  year={1997},
  publisher={Springer}
}

@book{fowler2009refactoring,
  title={Refactoring: improving the design of existing code},
  author={Fowler, Martin},
  year={2009},
  publisher={Pearson Education India}
}

@inproceedings{gode2011frequency,
  title={Frequency and risks of changes to clones},
  author={G{\"o}de, Nils and Koschke, Rainer},
  booktitle={Proceedings of the 33rd International Conference on Software Engineering},
  pages={311--320},
  year={2011},
  organization={ACM}
}

@inproceedings{gode2009incremental,
  title={Incremental clone detection},
  author={G{\"o}de, Nils and Koschke, Rainer},
  booktitle={Software Maintenance and Reengineering, 2009. CSMR'09. 13th European Conference on},
  pages={219--228},
  year={2009},
  organization={IEEE}
}

@article{harder2013cloned,
  title={Cloned code: stable code},
  author={Harder, Jan and G{\"o}de, Nils},
  journal={Journal of Software: Evolution and Process},
  volume={25},
  number={10},
  pages={1063--1088},
  year={2013},
  publisher={Wiley Online Library}
}

@inproceedings{hassan2009predicting,
  title={Predicting faults using the complexity of code changes},
  author={Hassan, Ahmed E},
  booktitle={Proceedings of the 31st International Conference on Software Engineering},
  pages={78--88},
  year={2009},
  organization={IEEE Computer Society}
}

@article{hall2009weka,
  title={The WEKA data mining software: an update},
  author={Hall, Mark and Frank, Eibe and Holmes, Geoffrey and Pfahringer, Bernhard and Reutemann, Peter and Witten, Ian H},
  journal={ACM SIGKDD explorations newsletter},
  volume={11},
  number={1},
  pages={10--18},
  year={2009},
  publisher={ACM}
}

@inproceedings{jiang2007deckard,
  title={Deckard: Scalable and accurate tree-based detection of code clones},
  author={Jiang, Lingxiao and Misherghi, Ghassan and Su, Zhendong and Glondu, Stephane},
  booktitle={Proceedings of the 29th international conference on Software Engineering},
  pages={96--105},
  year={2007},
  organization={IEEE Computer Society}
}

@inproceedings{kapser2006cloning,
  title={" Cloning considered harmful" considered harmful},
  author={Kapser, Cory and Godfrey, Michael W},
  booktitle={2006 13th Working Conference on Reverse Engineering},
  pages={19--28},
  year={2006},
  organization={IEEE}
}

@article{kamiya2002ccfinder,
  title={CCFinder: a multilinguistic token-based code clone detection system for large scale source code},
  author={Kamiya, Toshihiro and Kusumoto, Shinji and Inoue, Katsuro},
  journal={IEEE Transactions on Software Engineering},
  volume={28},
  number={7},
  pages={654--670},
  year={2002},
  publisher={IEEE}
}

@inproceedings{kim2005empirical,
  title={An empirical study of code clone genealogies},
  author={Kim, Miryung and Sazawal, Vibha and Notkin, David and Murphy, Gail},
  booktitle={ACM SIGSOFT Software Engineering Notes},
  volume={30},
  number={5},
  pages={187--196},
  year={2005},
  organization={ACM}
}

@inproceedings{Krinke2007,
  title={A study of consistent and inconsistent changes to code clones},
  author={Krinke, Jens},
  booktitle={14th working conference on reverse engineering (WCRE 2007)},
  pages={170--178},
  year={2007},
  organization={IEEE}
}

@inproceedings{krinke2007study,
  title={A study of consistent and inconsistent changes to code clones},
  author={Krinke, Jens},
  booktitle={14th working conference on reverse engineering (WCRE 2007)},
  pages={170--178},
  year={2007},
  organization={IEEE}
}

@inproceedings{krishnan2014unification,
  title={Unification and refactoring of clones},
  author={Krishnan, Giri Panamoottil and Tsantalis, Nikolaos},
  booktitle={Software Maintenance, Reengineering and Reverse Engineering (CSMR-WCRE), 2014 Software Evolution Week-IEEE Conference on},
  pages={104--113},
  year={2014},
  organization={IEEE}
}

@inproceedings{koschke2007survey,
  title={Survey of research on software clones},
  author={Koschke, Rainer},
  booktitle={Dagstuhl Seminar Proceedings},
  year={2007},
  organization={Schloss Dagstuhl-Leibniz-Zentrum f{\"u}r Informatik}
}

@inproceedings{lozano2008assessing,
  title={Assessing the effect of clones on changeability},
  author={Lozano, Angela and Wermelinger, Michel},
  booktitle={Software Maintenance, 2008. ICSM 2008. IEEE International Conference on},
  pages={227--236},
  year={2008},
  organization={IEEE}
}

@inproceedings{milea2014vector,
  title={Vector abstraction and concretization for scalable detection of refactorings},
  author={Milea, Narcisa Andreea and Jiang, Lingxiao and Khoo, Siau-Cheng},
  booktitle={Proceedings of the 22nd ACM SIGSOFT International Symposium on Foundations of Software Engineering},
  pages={86--97},
  year={2014},
  organization={ACM}
}

@article{navarro2001guided,
  title={A guided tour to approximate string matching},
  author={Navarro, Gonzalo},
  journal={ACM computing surveys (CSUR)},
  volume={33},
  number={1},
  pages={31--88},
  year={2001},
  publisher={ACM}
}

@article{nguyen2012clone,
  title={Clone management for evolving software},
  author={Nguyen, Hoan Anh and Nguyen, Tung Thanh and Pham, Nam H and Al-Kofahi, Jafar and Nguyen, Tien N},
  journal={IEEE Transactions on Software Engineering},
  volume={38},
  number={5},
  pages={1008--1026},
  year={2012},
  publisher={IEEE}
}

@book{pearl1985bayesian,
  title={Bayesian networks: A model of self-activated memory for evidential reasoning},
  author={Pearl, Judea},
  year={1985},
  publisher={University of California (Los Angeles). Computer Science Department}
}

@article{rahman2012clones,
  title={Clones: What is that smell?},
  author={Rahman, Foyzur and Bird, Christian and Devanbu, Premkumar},
  journal={Empirical Software Engineering},
  volume={17},
  number={4-5},
  pages={503--530},
  year={2012},
  publisher={Springer}
}

@article{rattan2013software,
  title={Software clone detection: A systematic review},
  author={Rattan, Dhavleesh and Bhatia, Rajesh and Singh, Maninder},
  journal={Information and Software Technology},
  volume={55},
  number={7},
  pages={1165--1199},
  year={2013},
  publisher={Elsevier}
}

@inproceedings{roy2014vision,
  title={The vision of software clone management: Past, present, and future (keynote paper)},
  author={Roy, Chanchal K and Zibran, Minhaz F and Koschke, Rainer},
  booktitle={Software Maintenance, Reengineering and Reverse Engineering (CSMR-WCRE), 2014 Software Evolution Week-IEEE Conference on},
  pages={18--33},
  year={2014},
  organization={IEEE}
}

@inproceedings{roy2008nicad,
  title={NICAD: Accurate detection of near-miss intentional clones using flexible pretty-printing and code normalization},
  author={Roy, Chanchal K and Cordy, James R},
  booktitle={Program Comprehension, 2008. ICPC 2008. The 16th IEEE International Conference on},
  pages={172--181},
  year={2008},
  organization={IEEE}
}

@inproceedings{saha2011automatic,
  title={An automatic framework for extracting and classifying near-miss clone genealogies},
  author={Saha, Ripon K and Roy, Chanchal K and Schneider, Kevin A},
  booktitle={Software Maintenance (ICSM), 2011 27th IEEE International Conference on},
  pages={293--302},
  year={2011},
  organization={IEEE}
}

@phdthesis{tairas2010representation,
  title={Representation, analysis, and refactoring techniques to support code clone maintenance},
  author={Tairas, Robert Ambrosius},
  year={2010},
  school={Citeseer}
}

@inproceedings{wang2012can,
  title={Can I clone this piece of code here?},
  author={Wang, Xiaoyin and Dang, Yingnong and Zhang, Lu and Zhang, Dongmei and Lan, Erica and Mei, Hong},
  booktitle={Proceedings of the 27th IEEE/ACM International Conference on Automated Software Engineering},
  pages={170--179},
  year={2012},
  organization={ACM}
}

@ARTICLE{wang2014predicting, 
journal={IEEE Transactions on Software Engineering}, 
title={Predicting Consistency-Maintenance Requirement of Code Clonesat Copy-and-Paste Time}, 
author={Wang, Xiaoyin and Dang, Yingnong and Zhang, Lu and Zhang, Dongmei and Lan, Erica and Mei, Hong},
year={2014}, 
volume={40}, 
number={8}, 
pages={773-794}, 
doi={10.1109/TSE.2014.2323972}, 
ISSN={0098-5589}, 
month={Aug},}
}

@inproceedings{juergens2009code,
  title={Do code clones matter?},
  author={Juergens, Elmar and Deissenboeck, Florian and Hummel, Benjamin and Wagner, Stefan},
  booktitle={Proceedings of the 31st International Conference on Software Engineering},
  pages={485--495},
  year={2009},
  organization={IEEE Computer Society}
}

@inproceedings{aversano2007clones,
  title={How clones are maintained: An empirical study},
  author={Aversano, Lerina and Cerulo, Luigi and Di Penta, Massimiliano},
  booktitle={11th European Conference on Software Maintenance and Reengineering (CSMR'07)},
  pages={81--90},
  year={2007},
  organization={IEEE}
}

%%第5张参考文献